<record><leader>00000cas a2200000 a 4500</leader><controlfield tag="001">11058525</controlfield><controlfield tag="008">840816c19139999kyuwr ne      0   a0eng d</controlfield><datafield ind1=" " ind2=" " tag="010"><subfield code="a">sn 84006809 </subfield></datafield><datafield ind1=" " ind2=" " tag="040"><subfield code="a">NSD</subfield><subfield code="b">eng</subfield><subfield code="c">NSD</subfield><subfield code="d">KNP</subfield><subfield code="d">OCL</subfield><subfield code="d">OCLCQ</subfield><subfield code="d">KYUBL</subfield><subfield code="d">OCLCQ</subfield><subfield code="d">OCLCO</subfield><subfield code="d">OCLCF</subfield></datafield><datafield ind1=" " ind2=" " tag="012"><subfield code="m">1</subfield></datafield><datafield ind1="1" ind2=" " tag="022"><subfield code="a">8750-1651</subfield><subfield code="l">8750-1651</subfield><subfield code="2">1</subfield></datafield><datafield ind1="1" ind2=" " tag="029"><subfield code="a">AU@</subfield><subfield code="b">000020341436</subfield></datafield><datafield ind1=" " ind2=" " tag="032"><subfield code="a">473500</subfield><subfield code="b">USPS</subfield></datafield><datafield ind1=" " ind2=" " tag="037"><subfield code="b">Russell County News, South Main St., Jamestown, KY 42629</subfield></datafield><datafield ind1=" " ind2=" " tag="042"><subfield code="a">nsdp</subfield></datafield><datafield ind1=" " ind2=" " tag="043"><subfield code="a">n-us-ky</subfield></datafield><datafield ind1="0" ind2=" " tag="130"><subfield code="a">Russell County news (Jamestown, Ky.)</subfield></datafield><datafield ind1=" " ind2="4" tag="222"><subfield code="a">The Russell County news</subfield><subfield code="b">(Jamestown, Ky.)</subfield></datafield><datafield ind1="1" ind2="0" tag="245"><subfield code="a">Russell County news.</subfield></datafield><datafield ind1=" " ind2=" " tag="260"><subfield code="a">Jamestown, Ky. :</subfield><subfield code="b">[s.n.]</subfield></datafield><datafield ind1=" " ind2=" " tag="310"><subfield code="a">Weekly</subfield></datafield><datafield ind1=" " ind2=" " tag="321"><subfield code="a">Weekly,</subfield><subfield code="b">Jan. 5, 1939-Aug. 8, 1974</subfield></datafield><datafield ind1=" " ind2=" " tag="321"><subfield code="a">Semiweekly,</subfield><subfield code="b">Aug. 13, 1974-19</subfield></datafield><datafield ind1="1" ind2=" " tag="362"><subfield code="a">Began with May 1, 1913 issue?</subfield></datafield><datafield ind1=" " ind2=" " tag="588"><subfield code="a">Description based on: Vol. 26, no. 37 (Jan. 5, 1939) = Whole no. 1257.</subfield></datafield><datafield ind1=" " ind2="0" tag="651"><subfield code="a">Jamestown (Ky.)</subfield><subfield code="v">Newspapers.</subfield></datafield><datafield ind1=" " ind2="0" tag="651"><subfield code="a">Russell County (Ky.)</subfield><subfield code="v">Newspapers.</subfield></datafield><datafield ind1=" " ind2="7" tag="655"><subfield code="a">Newspapers.</subfield><subfield code="2">fast</subfield><subfield code="0">(OCoLC)fst01423814</subfield></datafield><datafield ind1=" " ind2="7" tag="651"><subfield code="a">Kentucky</subfield><subfield code="z">Jamestown.</subfield><subfield code="2">fast</subfield><subfield code="0">(OCoLC)fst01251240</subfield></datafield><datafield ind1=" " ind2="7" tag="651"><subfield code="a">Kentucky</subfield><subfield code="z">Russell County.</subfield><subfield code="2">fast</subfield><subfield code="0">(OCoLC)fst01219357</subfield></datafield><datafield ind1=" " ind2=" " tag="752"><subfield code="a">United States</subfield><subfield code="b">Kentucky</subfield><subfield code="c">Russell</subfield><subfield code="d">Jamestown.</subfield></datafield><datafield ind1=" " ind2=" " tag="936"><subfield code="a">Tuesday, Aug. 7, 1984</subfield></datafield></record>